
@article{GoveHollingerDual,
    title = {Application of a dual unscented Kalman filter for simultaneous state and parameter estimation in problems of surface-atmosphere exchange},
    author = {Gove, J.H. and Hollinger, D.Y.},
    journal = {Journal of Geophysical Research},
    volume = {111},
    year = {2006},
    publisher = {American Geophysical Union}
}

@book{SimonHaykinText,
    title = {Kalman Filtering and Neural Networks},
    author = {Haykin, Simon},
    isbn = {0471221546},
    year = {2001},
    publisher = {John Wiley and Sons}
}

@article{shtylla2019mathematical,
  title={A mathematical model for DC vaccine treatment of type I diabetes},
  author={Shtylla, Blerta and Gee, Marissa and Shabahang, Shahrokh and Eldevik, Leif and DePillis, Lisette},
  journal={Frontiers in Physiology},
  volume={10},
  pages={1107},
  year={2019},
  publisher={Frontiers}
}

@misc{VanMereChapter,
  title={The Unscented Kalman Filter},
  author={Wan, Eric A. and van der Merwe, Rudolph}
}

@book{smithCh8,
    title = {Uncertainty Quantification: Theory, Implementation, and Applications},
    author = {Smith, Ralph C.},
    chapter = {8},
    year = {2014},
    publisher = {SIAM}
}

@misc{astrostats,
    title = {Astrostats Lecture 1: Bayesian parameter estimation and model comparison},
    author = {Bailer-Jones, Coryn},
    year = {2018}
}

@misc{MLEvsBayes_powerpoint,
    title = {Maximum Likelihood vs. Bayesian Parameter Estimation},
    author = {Williams, Ronald J. and Friedman, Nir},
    year = {2007},
    publisher = {Northeastern University}
}

@article{MCMCintro,
    title = {A simple introduction to Markov Chain Monte-Carlo sampling},
    author = {van Ravenzwaaij, D. and Cassey, P. and Brown, S. D},
    year = {2016},
    volume = {25},
    pages = {143-154},
    journal = {Psychonomic Bulletin and Review},
    publisher = {Springer Link}
}

@article{metropolis-hastings,
    title = {Understanding the Metropolis-Hastings Algorithm},
    author = {Chib, Siddhartha and Edward Greenberg},
    year = {1995},
    journal = {The American Statistician},
    volume = {49},
    number = {4},
    pages = {327-335},
    publisher = {JSTOR}
}

@article{sensitivity_matrices1,
    title = {A Sensitivity Matrix Based Methodology for Inverse Problem Formulation},
    author = {Citr\'{o}n-Arias, A. and Banks, H. T. and Capaldi, A. and Lloyd, A. L.},
    year = {2009},
    journal = {Journal of Inverse and Ill-posed Problems},
    volume = {17},
    number = {6},
    doi = {10.1515/JIIP.2009.034}
}

@article{MCMChistory,
  title={A short history of Markov chain Monte Carlo: Subjective recollections from incomplete data},
  author={Robert, Christian and Casella, George},
  journal={Statistical Science},
  pages={102-115},
  year={2011},
  publisher={JSTOR}
}

@misc{biomodel,
  title={Modeling of Biological Systems},
  author={Apostolico, Alberto and Asmussen, Marjorie and Castillo-Chavez, Carlos and Ermentrout, Bard and Fields, Christopher and Guckenheimer, John and Hastings, Alan and Hines, Michael and Honig, Barry and Jelinski, Lynn and others},
  year={1996},
  location={Alexandria, Virginia, USA},
  date={March 14-15}
}

@article{bio_logic,
  title={Models in biology:‘accurate descriptions of our pathetic thinking’},
  author={Gunawardena, Jeremy},
  journal={BMC biology},
  volume={12},
  number={1},
  pages={29},
  year={2014},
  publisher={Springer}
}

@misc{data_growth,
    title={IDC's Global DataSphere Forecast Shows Continued Steady Growth in the Creation and Consumption of Data},
    url={https://www.idc.com/getdoc.jsp?containerId=prUS46286020},
    publisher={IDC Media Center},
    date={8 May, 2020}
}

@INPROCEEDINGS{geweke1,
    author = {John Geweke},
    title = {Evaluating the Accuracy of Sampling-Based Approaches to the Calculation of Posterior Moments},
    booktitle = {IN BAYESIAN STATISTICS },
    year = {1992},
    pages = {169--193},
    publisher = {University Press}
}

@misc{geweke_ppt,
    title = {A Brief Introduction to Geweke's Diagnostics},
    author = {Fang, Qijun},
    year = {2014},
    publisher = {University of Arizona}
}

@article{DRAM1,
    title = {DRAM: Efficient adaptive MCMC},
    author = {Haario, H. and Laine, M. and Mira, A. and Saksman, E.},
    year = {2006},
    journal = {Stat Comput.},
    volume = {16},
    pages = {339-354},
    publisher = {Springer Science}
}

@article{convergence,
    title  = {Weak Convergence and Optimal Scaling of Random Walk Metropolis Algorithms},
    author = {Roberts, G. O. and Gelman, A. and Gilks, W. R.},
    year = {1997},
    journal = {The Annals of Applied Probability},
    volume = {7},
    number = {1},
    pages = {110-120},
    publisher = {AMS}
}

@misc{convergence_ppt,
    title = {Convergence Diagnostics for Markov Chain Monte Carlo},
    author = {Ford, Eric B.},
    year = {2015},
    publisher = {Pennsylvania State University}
}

@misc{coursenotes_mcmc,
    booktitle = {Course Handouts for Bayesian Data Analysis Class},
    title = {Markov Chain Monte Carlo},
    author = {Lai, Mark},
    year = {2019},
    publisher = {Bookdown},
    website = {https://bookdown.org/marklhc/notes_bookdown/markov-chain-monte-carlo.html#monte-carlo-simulation-with-one-unknown},
    chapter = {6}
}

@book{markovchains,
    booktitle = {Markov Chains and Mixing Times},
    author = {Levin, David A. and Peres, Yuval},
    title = {Introduction to Finite Markov Chains},
    chapter = {1},
    pages = {2-20},
    year = {2010},
    publisher = {AMS}
}

@book{montecarlo,
    booktitle = {Monte-Carlo Methods},
    title = {The General Nature of Monte Carlo Methods},
    author = {Hammersley, J. M. and Handscomb, D. C.},
    chapter = {1},
    year = {1964},
    publisher = {Halsted Press}
}

@book{firstorderMarkovian,
    booktitle = {Fundamentals of Applied Probabilty and Random Processes},
    title = {Special Random Processes},
    author = {Ibe, Oliver C.},
    year = {2014},
    pages = {369-425},
    publisher = {Academic Press}
}

@misc{mcmcstatlib,
    title = {MCMC Toolbox for MATLAB},
    author = {Laine,  M. J.},
    year = {2018},
    website = {https://mjlaine.github.io/mcmcstat/}
}

@article{metropolis1953,
    title = {Equations of State Calculations by Fast Computing Machines},
    author = {Metropolis, N. and Rosenbluth, A. A. and Rosenbluth, M. N. and Teller, A. H. and Teller, E},
    year = {1953},
    journal = {Journal of the American Statistical Association},
    volume = {89},
    pages = {1151-1163}
}

@article{bayesprior,
    title = {Proposals which speed up function-space MCMC},
    author = {Law, K. J. H.},
    year = {2013},
    journal = {Journal of Computational and Applied Mathematics},
    volume = {262},
    pages = {127-138}
}

@article{Lotka,
  title={Elements of physical biology},
  author={Lotka, Alfred J},
  journal={Science Progress in the Twentieth Century (1919-1933)},
  volume={21},
  number={82},
  pages={341-343},
  year={1926},
  publisher={JSTOR}
}

@book{Volterra,
  title={Variazioni e fluttuazioni del numero d'individui in specie animali conviventi},
  author={Volterra, Vito},
  year={1927},
  publisher={C. Ferrari}
}

@inproceedings{PSOorig,
  title={Particle swarm optimization},
  author={Kennedy, James and Eberhart, Russell},
  booktitle={Proceedings of ICNN '95 - International Conference on Neural Networks},
  volume={4},
  pages={1942-1948},
  year={1995},
  organization={IEEE}
}

@misc{PSOthesis,
  title={Mathematicle modelling and applications of particle swarm optimization},
  author={Talukder, Satyobroto},
  institution={Blekinge Institute of Technology},
  number={2010:8},
  year={2011}
}

@article{mcmcFig,
    title = {Prognostics 102: Efficient Bayesian-Based Prognostic Algorithm in MATLAB},
    author = {Dong, T. and An, D. and Kim, N. H.},
    year = {2019},
    journal = {Intech Open},
    DOI = {10.5772/intechopen.82781}
}

@article{gelman_rubin,
    title = {Inference from Iterative Simulation Using Multiple Sequences},
    author = {Gelman, A. and D. B. Rubin},
    year = {1992},
    journal = {Statistical Science},
    volume = {7},
    pages = {457-472}
}

@article{converge_threshold,
    title = {The Myth of a Universal Acceptance Ratio for Monte Carlo Simulations},
    author = {Potter, C. and Robert H. Swendensen},
    year = {2015},
    journal = {Physics Procedia},
    volume = {68},
    pages = {120-124},
    DOI = {https://doi.org/10.1016/j.phpro.2015.07.12}
}

@article{convergence_mixing,
    title = {Assessing Convergence and Mixing of MCMC Implementations via Stratification},
    author = {Paul, R. and MacEachern, S. N. and Berliner, L. M.},
    year = {2012},
    journal = {Journal of Computational and Graphical Statistics},
    volume = {21},
    number = {3},
    pages = {693-712},
    doi = {10.1080/10618600.2012.663293}
}

@article{prior_importance,
    title = {How vague is vague?  A simulation study of the impact of the use of vague prior distributions in MCMC using WinBUGS},
    author = {Lambert, P. C. and Sutton, A. J. and Burton, P. R. and Abrams, K. R. and Jones, D. R.},
    year = {2005},
    journal = {Satist. Med.},
    volume = {24},
    pages = {2401-2428}
}

@article{golchi_priors,
    title = {Informative Priors and Bayesian Computation},
    author = {Golchi, S.},
    year = {2016},
    journal = {2016 IEEE 3rd International Conference on Data Science and Advanced Analytics},
    pages = {782-789}

}

@article{mixingtime,
    title = {Markov chain mixing time on cycles},
    author = {Gerencs\'{e}r, B.},
    year = {2011},
    journal = {Stochastic Processes and their Applications},
    volume = {121},
    pages = {2553-2570}
}

@misc{TamThesis,
    title = {Kalman Filter Methods for Model Parametrization},
    author = {Tam, Lindsey},
    institution = {Pomona College},
    year = {2020}
}

@misc{WuThesis,
    title = {Mathematical Modeling of Type 1 Diabetes},
    author = {Wu, G.},
    institution = {Harvey Mudd College, Pomona College},
    year = {2019}
}

@article{JulierPaper,
    title = {A New Extension of the Kalman Filter to Nonlinear Systems},
    author = {Julier, S. and Ulhmann, J.},
    year = {1997},
    journal = {SPIE Proceedings Series}
}

@article{NASAPaper,
    title = {Discovery of the Kalman Filter as a Practical Tool for Aerospace and Industry},
    author = {McGee, L. and Schmidt, S.},
    year = {1985},
    journal = {NASA}
}

@article{ChowFerrer,
    title = {An Unscented Kalman Filter Approach to the Estimation of Nonlinear Dynamical Systems Models},
    author = {Chow, S. and Ferrer, E. and Nesselroade, J.},
    year = {2007},
    journal = {Multivariate Behav Res.},
    volume = {42},
    number = {2},
    pages = {283-321},
    doi = {10.1080/00273170701360423}
    
}

@book{bayesian_param_inf,
    booktitle = {Bayesian Data Analysis, Third Edition},
    title = {Probability and Inference},
    author = {Gelman, A. and Carlin, J. B. and Stern, H. S. and Dunson, D. B. and Vehtari, A. and Rubin, D. B.},
    year = {2014},
    chapter = {1},
    publisher = {CRC Press}
}

@article{bayesian_param_inf_ex1,
    title = {Bayesian parameter estimation for nonlinear modeling of biological pathways},
    author = {Ghasemi, O. and Lindsey, M. L. and Yan, T. and Nguyen, N. and Huang, Y. and Jin, Y.},
    year = {2011},
    journal = {BMC Systems Biology},
    volume = {5},
    number = {S9},
}

@article{bayesian_param_inf_ex2,
    title = {A Bayesian Framework for Parameter Estimation in Dynamical Models},
    author = {Coelho, F. C. and Code\c{c}o, C. T. and Gomes, M. G. M.},
    year = {2011},
    journal = {PLoS ONE},
    volume = {6},
    number = {5},
}

@article{collis,
    title = {Bayesian calibration, validation and uncertainty quantification for predictive modeling of tumor growth: a tutorial},
    author = {Collis, J. and Connor, A. J. and Paczkowski, M. and Kannan, P. and Pitt-Francis, J. and Byrn, H. M. and Hubbard, M. E.},
    year = {2017},
    journal = {Bull Math Biol.},
    volume = {79},
    number = {4},
    pages = {939-974}
}

@article{adaptive_atchade,
    title = {Adaptive Markov chain Monte Carlo: theory and methods},
    author = {Atchad\'{e}, Y. F. and Fort, G. and Moulines, E. and Priouret, P.},
    year = {2009},
    journal = {Technical Report},
}

@article{adaptive_andrieu,
    title = {A tutorial on adaptive MCMC},
    author = {Andrieu, C. and Johnnes Thoms},
    year = {2008},
    journal = {Stat. Comput.},
    volume = {18},
    pages = {343-373}
}

@article{trias2009delayed,
    title={Delayed rejection schemes for efficient Markov-Chain Monte-Carlo sampling of multimodal distributions},
    author={Miquel Trias and Alberto Vecchio and John Veitch},
    year={2009},
    journal = {arXiv}
}


@article{fuzzy_caterpillar,
    title = {VMCMC: a graphical and statistical analysis tool for Markov chain Monte Carlo traces},
    author = {Ali, R. H. and Bark, M. and Miró, J. and Muhammad, S. A. and Sjöstrand, J. and Zubair, S. M. and Abbas, R. M. and Arvestad, L.},
    year = {2017},
    journal = {BMC },
    volume = {18},
    number = {1}
}

@article{rafferty1992burnin,
    title = {How Many Iterations in the Gibbs Sampler?},
    author = {Raftery, A. E. and Lewis S.},
    year = {1992},
    journal = {Bayesian Statistics},
    volume = {4},
    pages = {763-773},
    publisher = {Oxford University Press}

}


@article{convergediganosticRoy2020,
    author = {Roy, Vivekananda},
    title = {Convergence Diagnostics for Markov Chain Monte Carlo},
    journal = {Annual Review of Statistics and Its Application},
    volume = {7},
    number = {1},
    pages = {387-412},
    year = {2020},
    doi = {10.1146/annurev-statistics-031219-041300},
}

@article{WallinBolin2018nonsingcov,
    author = {Jonas Wallin and David Bolin},
    title = {Efficient Adaptive MCMC Through Precision Estimation},
    journal = {Journal of Computational and Graphical Statistics},
    volume = {27},
    number = {4},
    pages = {887-897},
    year  = {2018},
    publisher = {Taylor and Francis},
    doi = {10.1080/10618600.2018.1459303},
}

@article{Lietal2009,
    title = {A therapeutic DNA vaccinationn strategy for autoimmunity and transplantation},
    author = {Li, A. and Chen, J. and Hattori, M. and Franco, E. and Zuppan, C. and Ojogho, O. and Iwaki, Y. and Escher, A.},
    year = {2009},
    journal = {Vaccine},
    volume = {28},
    number = {8},
    pages = {1897-1904},
    doi = {10.1016/j.vaccine.2009.10.090},
}

@article{Mathewsetal2015,
    title = {Acute Versus Progressive Onset of Diabetes in NOD Mice: Potential Implications for Therapeutic Interventions in Type 1 Diabetes},
    author = {Mathews, C. E. and Xue, S. and Posgai, A. and Lightfoot, Y. L. and Li, Z. and Lin, A. and Wasserfall, C. and Haller, M. J. and Schatz, D. and Atkinson, M. A.},
    year = {2015},
    journal = {Diabetes},
    volume = {64},
    number = {11},
    pages = {3885-3890},
    doi = {10.2337/db15-0449}
}


@misc{Heinzel2002SpectrumAS,
  title={Spectrum and spectral density estimation by the Discrete Fourier transform (DFT), including a comprehensive list of window functions and some new at-top windows},
  author={Gerhard Heinzel and Albrecht R{\"u}diger and Roland Schilling},
  year={2002},
}

@article{predpreyHudsonBay,
    title = {The Ten-Year Cycle in Numbers of the Lynx in Canada},
    author = {Elton, C. and Mary Nicholson},
    year = {1942},
    journal = {Journal of Animal Ecology},
    volume = {11},
    number = {2},
    pages = {215-244},
    doi = {10.2307/1358}
}

@manual{MATLAB:2020b,
  address = {Natick, Massachusetts},
  organization = {The Mathworks, Inc.},
  title = {{MATLAB version 9.8.0.1359463 (R2020a)}},
  year = {2020}
}

@inbook{Simunek2002nonlinearfitting,
    author = {Šimůnek, Jiří and Hopmans, Jan W.},
    publisher = {John Wiley and Sons, Ltd},
    isbn = {9780891188933},
    title = {1.7 Parameter Optimization and Nonlinear Fitting},
    booktitle = {Methods of Soil Analysis},
    chapter = {},
    year = {2002},
    pages = {139-157},
    doi = {10.2136/sssabookser5.4.c7},
}



@misc{optimizationparamest_ppt,
    title = {Optimization Algorithms for Parameter Estimation and Data Reconciliation},
    author = {Biegler, L. T.},
    institution = {Carnegie Mellon University},
    url = {http://numero.cheme.cmu.edu/content/06606/Parest_notes.pdf},
}